@article{rigby2014three,
  title={Three logics of instructional leadership},
  author={Rigby, Jessica G},
  journal={Educational Administration Quarterly},
  volume={50},
  number={4},
  pages={610--644},
  year={2014},
  publisher={Sage Publications Sage CA: Los Angeles, CA}
}